<?xml version="1.0" encoding="UTF-8"?><record xmlns="http://www.loc.gov/MARC21/slim" xmlns:cinclude="http://apache.org/cocoon/include/1.0" xmlns:zs="http://www.loc.gov/zing/srw/">
  <leader>01128cz  a2200193n  4500</leader>
  <controlfield tag="001">no2004101661</controlfield>
  <controlfield tag="003">DLC</controlfield>
  <controlfield tag="005">20130322102918.0</controlfield>
  <controlfield tag="008">041020n| azannaabn          |a aaa     c</controlfield>
  <datafield tag="010" ind1=" " ind2=" ">
    <subfield code="a">no2004101661</subfield>
  </datafield>
  <datafield tag="035" ind1=" " ind2=" ">
    <subfield code="a">(OCoLC)oca06472718</subfield>
  </datafield>
  <datafield tag="040" ind1=" " ind2=" ">
    <subfield code="a">MoSW-Mu</subfield>
    <subfield code="b">eng</subfield>
    <subfield code="e">rda</subfield>
    <subfield code="c">MoSW-Mu</subfield>
    <subfield code="d">DLC</subfield>
  </datafield>
  <datafield tag="100" ind1="1" ind2=" ">
    <subfield code="a">Arcadelt, Jacob,</subfield>
    <subfield code="d">approximately 1505-1568.</subfield>
    <subfield code="t">Madrigals,</subfield>
    <subfield code="m">voices (4),</subfield>
    <subfield code="n">book 5.</subfield>
    <subfield code="p">Ecco d'oro l'età pregiata</subfield>
  </datafield>
  <datafield tag="400" ind1="1" ind2=" ">
    <subfield code="a">Arcadelt, Jacob,</subfield>
    <subfield code="d">approximately 1505-1568.</subfield>
    <subfield code="t">Ecco d'oro l'età</subfield>
  </datafield>
  <datafield tag="400" ind1="1" ind2=" ">
    <subfield code="a">Arcadelt, Jacob,</subfield>
    <subfield code="d">approximately 1505-1568.</subfield>
    <subfield code="t">Ecco d'oro l'età pregiata</subfield>
  </datafield>
  <datafield tag="400" ind1="1" ind2=" ">
    <subfield code="a">Arcadelt, Jacob,</subfield>
    <subfield code="d">approximately 1505-1568.</subfield>
    <subfield code="t">Hail, age of pure gold</subfield>
  </datafield>
  <datafield tag="400" ind1="1" ind2=" ">
    <subfield code="w">nnea</subfield>
    <subfield code="a">Arcadelt, Jacob,</subfield>
    <subfield code="d">ca. 1505-1568.</subfield>
    <subfield code="t">Madrigals,</subfield>
    <subfield code="m">voices (4),</subfield>
    <subfield code="n">book 5.</subfield>
    <subfield code="p">Ecco d'oro l'età pregiata</subfield>
  </datafield>
  <datafield tag="670" ind1=" " ind2=" ">
    <subfield code="a">Arcadelt, J. Ecco d'oro l'età, c1946:</subfield>
    <subfield code="b">t.p. (Ecco d'oro l'età = Hail, age of pure gold : a madrigal for mixed voices, a cappella, SATB) p. 2 (from the composer's Il quinto libro di madrigali, published by Gardano in Venice)</subfield>
  </datafield>
  <datafield tag="670" ind1=" " ind2=" ">
    <subfield code="a">Grovemusic.com WWW site, Oct. 20, 2004</subfield>
    <subfield code="b">(Ecco d'oro l'età pregiata, S vi [i.e. Il quinto libro di madrigali, 4vv])</subfield>
  </datafield>
</record>